<?xml version="1.0" encoding="UTF-8"?><record xmlns="http://www.loc.gov/MARC21/slim" xmlns:cinclude="http://apache.org/cocoon/include/1.0" xmlns:zs="http://www.loc.gov/zing/srw/">
  <leader>00601nz  a2200133n  4500</leader>
  <controlfield tag="001">n  91109367 </controlfield>
  <controlfield tag="003">DLC</controlfield>
  <controlfield tag="005">19911026100049.7</controlfield>
  <controlfield tag="008">911026n| acannaab|          |n aaa |||  </controlfield>
  <datafield tag="010" ind1=" " ind2=" ">
    <subfield code="a">n  91109367 </subfield>
  </datafield>
  <datafield tag="040" ind1=" " ind2=" ">
    <subfield code="a">DLC</subfield>
    <subfield code="c">DLC</subfield>
  </datafield>
  <datafield tag="100" ind1="1" ind2="0">
    <subfield code="a">Foy, James Edgar,</subfield>
    <subfield code="d">1916-</subfield>
  </datafield>
  <datafield tag="670" ind1=" " ind2=" ">
    <subfield code="a">NUCMC data from Univ. of Ill. at Urbana-Champaign Archives for Phi Eta Sigma. Archives, 1927-1980</subfield>
    <subfield code="b">(James E. Foy; grand secretary of Phi Eta Sigma 1950-1977)</subfield>
  </datafield>
  <datafield tag="670" ind1=" " ind2=" ">
    <subfield code="a">Leaders in educ., 1974:</subfield>
    <subfield code="b">p. 354 (Foy, James Edgar; b. Lexington, N.C. Nov. 7, 1916; dean, Auburn Univ., 1960- ; grand secretary, Phi Eta Sigma; address, Auburn, Ala.)</subfield>
  </datafield>
</record>